@misc{Walter,
  author = {Walter E. Brown},
  title = {Modern Template Metaprogramming},
  howpublished = "\url{https://github.com/CppCon/CppCon2014}",
  year = 2014
}
@misc{poly,
  author = {Rainer Grimm},
  title = {Dynamic and Static Polymorphism},
  howpublished = "\url{https://www.modernescpp.com/index.php/dynamic-and-static-polymorphism}",
  year = 2022
}
@misc{duck-type,
  author = {Wikipedia},
  title = {Duck typing},
  howpublished = "\url{https://en.wikipedia.org/wiki/Duck_typing}",
  year = 2022
}
@misc{duck-test,
  author = {Wikipedia},
  title = {Duck test},
  howpublished = "\url{https://en.wikipedia.org/wiki/Duck_test}",
  year = 2022
}
@misc{poly-cpp,
  author = {guru99},
  title = {CPP Polymorphism},
  howpublished = "\url{https://www.guru99.com/cpp-polymorphism.html}",
  year = 2022
}
@misc{concept-cpp,
  author = {CPP Document},
  title = {Constraints and concepts},
  howpublished = "\url{https://en.cppreference.com/w/cpp/language/constraints}",
}
@misc{concept-def,
  author = {Rainer Grimm},
  title = {Define concepts},
  howpublished = "\url{https://www.modernescpp.com/index.php/define-concepts}",
}
@misc{concept-req,
  author = {Rainer Grimm},
  title = {Defining concepts with requires expressions},
  howpublished = "\url{https://www.modernescpp.com/index.php/defining-concepts-with-requires-expressions}",
}
@misc{predicate,
  author = {CPP Document},
  title = {Predicate},
  howpublished = "\url{https://en.cppreference.com/w/cpp/named_req/Predicate}",
}
@inproceedings{Variadic,
author = {Gregor, Douglas and JÃ¤rvi, Jaakko},
year = {2007},
month = {01},
pages = {1101-1108},
title = {Variadic templates for C++},
booktitle = {Proceedings of the ACM Symposium on Applied Computing},
doi = {10.1145/1244002.1244243}
}
